<record xmlns:xsi="http://www.w3.org/2001/XMLSchema-instance" xmlns="http://www.loc.gov/MARC21/slim" xsi:schemaLocation="http://www.loc.gov/MARC21/slim http://www.loc.gov/standards/marcxml/schema/MARC21slim.xsd">

  <leader>00795nam a2200229Ia 4500</leader>
  <datafield ind2=" " tag="999" ind1=" ">
    <subfield code="c">2368</subfield>
    <subfield code="d">2368</subfield>
  </datafield>
  <controlfield tag="008">180912b2008    cr ||||| |||| 00| 0 spa d</controlfield>
  <datafield tag="090" ind1=" " ind2=" ">
    <subfield code="a">19.02.08 </subfield>
    <subfield code="b">1634 CD #169</subfield>
  </datafield>
  <datafield tag="110" ind1=" " ind2=" ">
    <subfield code="a">Universidad de Costa Rica. Vicerrectora de Acción Social</subfield>
    <subfield code="9">4228</subfield>
  </datafield>
  <datafield ind1="1" tag="245" ind2="2">
    <subfield code="a">I Informe estado de situación de la persona adulta mayor / </subfield>
    <subfield code="c">Universidad de Costa Rica. Vicerrectora de Acción Social</subfield>
  </datafield>
  <datafield ind1=" " tag="260" ind2=" ">
    <subfield code="a">San José, Costa Rica : </subfield>
    <subfield code="b">Universidad de Costa Rica. Vicerrectoría de Acción Social, </subfield>
    <subfield code="c">[2008?] </subfield>
  </datafield>
  <datafield ind2=" " ind1=" " tag="300">
    <subfield code="a">Disco compacto</subfield>
  </datafield>
  <datafield tag="500" ind1=" " ind2=" ">
    <subfield code="a">Incluye el CD #169</subfield>
  </datafield>
  <datafield ind2="4" tag="650" ind1="1">
    <subfield code="a">INFORMES</subfield>
    <subfield code="9">267</subfield>
  </datafield>
  <datafield ind2="4" tag="650" ind1="1">
    <subfield code="a">ANCIANOS</subfield>
    <subfield code="9">2660</subfield>
  </datafield>
  <datafield ind1="1" tag="650" ind2="4">
    <subfield code="a">ENVEJECIMIENTO</subfield>
    <subfield code="9">2659</subfield>
  </datafield>
  <datafield ind2="4" tag="650" ind1="1">
    <subfield code="a">DERECHO</subfield>
    <subfield code="9">823</subfield>
  </datafield>
  <datafield ind1="1" tag="650" ind2="4">
    <subfield code="a">SALUD</subfield>
    <subfield code="9">268</subfield>
  </datafield>
  <datafield ind1="1" tag="650" ind2="4">
    <subfield code="a">CONDICIONES DE VIDA</subfield>
    <subfield code="9">786</subfield>
  </datafield>
  <datafield ind2=" " tag="942" ind1=" ">
    <subfield code="2">z</subfield>
    <subfield code="c">01</subfield>
  </datafield>
  <datafield ind1=" " tag="942" ind2=" ">
    <subfield code="2">z</subfield>
  </datafield>
  <datafield ind2=" " ind1=" " tag="942">
    <subfield code="2">z</subfield>
  </datafield>
</record>